<?xml version="1.0" encoding="UTF-8" ?><marc:collection xmlns:marc="http://www.loc.gov/MARC21/slim" xmlns:xsi="http://www.w3.org/2001/XMLSchema-instance" xsi:schemaLocation="http://www.loc.gov/MARC21/slim http://www.loc.gov/standards/marcxml/schema/MARC21slim.xsd">
<marc:record><marc:leader>03257cpd a2200481 a 4500</marc:leader>
<marc:controlfield tag="001">616808</marc:controlfield>
<marc:controlfield tag="005">20170914091621.0</marc:controlfield><marc:controlfield tag="008">860707s1980    ctu                 eng d</marc:controlfield><marc:datafield tag="035" ind1=" " ind2=" "><marc:subfield code="a">(OCoLC)ocn702242138</marc:subfield></marc:datafield><marc:datafield tag="035" ind1=" " ind2=" "><marc:subfield code="a">(CStRLIN)CTYV86-A143</marc:subfield></marc:datafield><marc:datafield tag="035" ind1=" " ind2=" "><marc:subfield code="a">616808</marc:subfield></marc:datafield><marc:datafield tag="035" ind1=" " ind2=" "><marc:subfield code="a">HVT-101</marc:subfield></marc:datafield><marc:datafield tag="035" ind1=" " ind2=" "><marc:subfield code="9">ACQ0052YL</marc:subfield></marc:datafield><marc:datafield tag="040" ind1=" " ind2=" "><marc:subfield code="a">CtY</marc:subfield><marc:subfield code="b">eng</marc:subfield><marc:subfield code="c">CtY</marc:subfield><marc:subfield code="e">appm</marc:subfield></marc:datafield><marc:datafield tag="079" ind1=" " ind2=" "><marc:subfield code="a">ocn702170634</marc:subfield></marc:datafield><marc:datafield tag="090" ind1=" " ind2=" "><marc:subfield code="b">HVT-101</marc:subfield></marc:datafield><marc:datafield tag="100" ind1="1" ind2=" "><marc:subfield code="a">L., Ena,</marc:subfield><marc:subfield code="d">1934-</marc:subfield></marc:datafield><marc:datafield tag="245" ind1="1" ind2="0"><marc:subfield code="a">Ena L. Holocaust testimony (HVT-101)</marc:subfield><marc:subfield code="h">[videorecording] /</marc:subfield><marc:subfield code="c">interviewed by Laurel Vlock,</marc:subfield><marc:subfield code="f">July 23, 1980.</marc:subfield></marc:datafield><marc:datafield tag="260" ind1=" " ind2=" "><marc:subfield code="a">Boston, Mass. :</marc:subfield><marc:subfield code="b">Holocaust Survivors Film Project,</marc:subfield><marc:subfield code="c">1980.</marc:subfield></marc:datafield><marc:datafield tag="300" ind1=" " ind2=" "><marc:subfield code="a">1 videorecording (53 min.) :</marc:subfield><marc:subfield code="b">col.</marc:subfield></marc:datafield><marc:datafield tag="520" ind1=" " ind2=" "><marc:subfield code="a">Videotape testimony of Ena L., who was born in Belgrade, Yugoslavia, in 1934.  She tells of her life in Belgrade before and during the war and of her flight to northern Italy with her mother, sister, and other relatives.  She explains how her family was able to live openly as Jews in a small village near Vittorio Veneto, aided, as were other Jewish refugees, by the Italian government.  She describes her life in Amandola where her family fled after Mussolini's fall and where they remained, &quot;passing&quot; as Catholics, for about two years until just before liberation, when they hid in the mountains.  The postwar reunion with her father, who had spent the war in a German POW camp, his Jewish identity protected by his fellow officers, is also related.  In her testimony Mrs. L. gives particular attention to the many people, including priests, who helped her and other Jews during the war and notes how they were an inspiration for her conduct in later life.</marc:subfield></marc:datafield><marc:datafield tag="562" ind1=" " ind2=" "><marc:subfield code="e">3 copies:</marc:subfield><marc:subfield code="b">3/4 in. master;</marc:subfield><marc:subfield code="b">3/4 in. dub;</marc:subfield><marc:subfield code="b">and 1/2 in. VHS</marc:subfield><marc:subfield code="a">with time coding.</marc:subfield></marc:datafield><marc:datafield tag="524" ind1=" " ind2=" "><marc:subfield code="a">Ena L. Holocaust Testimony (HVT-101).  Fortunoff Video Archive for Holocaust Testimonies, Yale University Library.</marc:subfield></marc:datafield><marc:datafield tag="600" ind1="1" ind2="0"><marc:subfield code="a">L., Ena,</marc:subfield><marc:subfield code="d">1934-</marc:subfield></marc:datafield><marc:datafield tag="650" ind1=" " ind2="0"><marc:subfield code="a">Video tapes.</marc:subfield><marc:subfield code="0">http://id.loc.gov/authorities/subjects/sh85143214</marc:subfield></marc:datafield><marc:datafield tag="650" ind1=" " ind2="0"><marc:subfield code="a">Women.</marc:subfield><marc:subfield code="0">http://id.loc.gov/authorities/subjects/sh85147274</marc:subfield></marc:datafield><marc:datafield tag="650" ind1=" " ind2="0"><marc:subfield code="a">Holocaust, Jewish (1939-1945)</marc:subfield><marc:subfield code="v">Personal narratives.</marc:subfield><marc:subfield code="0">http://id.loc.gov/authorities/subjects/sh85061518</marc:subfield></marc:datafield><marc:datafield tag="650" ind1=" " ind2="0"><marc:subfield code="a">World War, 1939-1945</marc:subfield><marc:subfield code="v">Personal narratives, Jewish.</marc:subfield><marc:subfield code="0">http://id.loc.gov/authorities/subjects/sh85148465</marc:subfield></marc:datafield><marc:datafield tag="650" ind1=" " ind2="0"><marc:subfield code="a">World War, 1939-1945</marc:subfield><marc:subfield code="x">Children.</marc:subfield><marc:subfield code="0">http://id.loc.gov/authorities/subjects/sh85148359</marc:subfield></marc:datafield><marc:datafield tag="650" ind1=" " ind2="0"><marc:subfield code="a">World War, 1939-1945</marc:subfield><marc:subfield code="x">Jews</marc:subfield><marc:subfield code="x">Rescue.</marc:subfield><marc:subfield code="0">http://id.loc.gov/authorities/subjects/sh85148429</marc:subfield></marc:datafield><marc:datafield tag="650" ind1=" " ind2="0"><marc:subfield code="a">Jewish refugees</marc:subfield><marc:subfield code="z">Italy.</marc:subfield></marc:datafield><marc:datafield tag="650" ind1=" " ind2="0"><marc:subfield code="a">Holocaust survivors.</marc:subfield><marc:subfield code="0">http://id.loc.gov/authorities/subjects/sh85061527</marc:subfield></marc:datafield><marc:datafield tag="651" ind1=" " ind2="0"><marc:subfield code="a">Yugoslavia.</marc:subfield><marc:subfield code="0">http://id.loc.gov/authorities/names/n79097346</marc:subfield></marc:datafield><marc:datafield tag="651" ind1=" " ind2="0"><marc:subfield code="a">Belgrade (Serbia)</marc:subfield><marc:subfield code="0">http://id.loc.gov/authorities/names/n80017896</marc:subfield></marc:datafield><marc:datafield tag="651" ind1=" " ind2="0"><marc:subfield code="a">Vittorio Veneto (Italy)</marc:subfield><marc:subfield code="0">http://id.loc.gov/authorities/names/n82045275</marc:subfield></marc:datafield><marc:datafield tag="651" ind1=" " ind2="0"><marc:subfield code="a">Amandola (Italy)</marc:subfield><marc:subfield code="0">http://id.loc.gov/authorities/names/n85313241</marc:subfield></marc:datafield><marc:datafield tag="655" ind1=" " ind2="7"><marc:subfield code="a">Oral histories.</marc:subfield><marc:subfield code="2">ftamc</marc:subfield></marc:datafield><marc:datafield tag="690" ind1=" " ind2="4"><marc:subfield code="a">Child survivors.</marc:subfield></marc:datafield><marc:datafield tag="690" ind1=" " ind2="4"><marc:subfield code="a">Aid by non-Jews.</marc:subfield></marc:datafield><marc:datafield tag="690" ind1=" " ind2="4"><marc:subfield code="a">Hiding.</marc:subfield></marc:datafield><marc:datafield tag="690" ind1=" " ind2="4"><marc:subfield code="a">False papers.</marc:subfield></marc:datafield><marc:datafield tag="700" ind1="1" ind2=" "><marc:subfield code="a">Vlock, Laurel,</marc:subfield><marc:subfield code="e">interviewer.</marc:subfield></marc:datafield><marc:datafield tag="852" ind1=" " ind2=" "><marc:subfield code="a">Fortunoff Video Archive for Holocaust Testimonies,</marc:subfield><marc:subfield code="b">Yale University Library,</marc:subfield><marc:subfield code="e">Box 1603A Yale Station, New Haven, CT 06520.</marc:subfield></marc:datafield></marc:record>