
<marc:record><marc:leader>04373cpd a2200553 a 4500</marc:leader>
<marc:controlfield tag="001">617068</marc:controlfield>
<marc:controlfield tag="005">20170914091624.0</marc:controlfield><marc:controlfield tag="008">870803s1979    ctu                 eng d</marc:controlfield><marc:datafield tag="035" ind1=" " ind2=" "><marc:subfield code="a">(OCoLC)ocn702242414</marc:subfield></marc:datafield><marc:datafield tag="035" ind1=" " ind2=" "><marc:subfield code="a">(CStRLIN)CTYV87-A143</marc:subfield></marc:datafield><marc:datafield tag="035" ind1=" " ind2=" "><marc:subfield code="a">617068</marc:subfield></marc:datafield><marc:datafield tag="035" ind1=" " ind2=" "><marc:subfield code="a">HVT-155</marc:subfield></marc:datafield><marc:datafield tag="035" ind1=" " ind2=" "><marc:subfield code="9">ACQ0318YL</marc:subfield></marc:datafield><marc:datafield tag="040" ind1=" " ind2=" "><marc:subfield code="a">CtY</marc:subfield><marc:subfield code="b">eng</marc:subfield><marc:subfield code="c">CtY</marc:subfield><marc:subfield code="e">appm</marc:subfield></marc:datafield><marc:datafield tag="079" ind1=" " ind2=" "><marc:subfield code="a">ocn702171182</marc:subfield></marc:datafield><marc:datafield tag="090" ind1=" " ind2=" "><marc:subfield code="b">HVT-155</marc:subfield></marc:datafield><marc:datafield tag="100" ind1="1" ind2=" "><marc:subfield code="a">F., Ludwig,</marc:subfield><marc:subfield code="d">1908-</marc:subfield></marc:datafield><marc:datafield tag="245" ind1="1" ind2="0"><marc:subfield code="a">Ludwig F. Holocaust testimony (HVT-155)</marc:subfield><marc:subfield code="h">[videorecording] /</marc:subfield><marc:subfield code="c">interviewed by Laurel Vlock,</marc:subfield><marc:subfield code="f">September 14, 1979.</marc:subfield></marc:datafield><marc:datafield tag="260" ind1=" " ind2=" "><marc:subfield code="a">New Haven, Conn. :</marc:subfield><marc:subfield code="b">Holocaust Survivors Film Project,</marc:subfield><marc:subfield code="c">1979.</marc:subfield></marc:datafield><marc:datafield tag="300" ind1=" " ind2=" "><marc:subfield code="a">1 videorecording (57 min.) :</marc:subfield><marc:subfield code="b">col.</marc:subfield></marc:datafield><marc:datafield tag="520" ind1=" " ind2=" "><marc:subfield code="a">Videotape testimony of Ludwig F., who was born in Poland in 1908.  Mr. F. speaks of his education; his successful business in Częstochowa; his marriage in 1933; and the birth of his daughter in 1937.  He describes the German occupation and the anti-Jewish measures which followed; the ghettoization of Częstochowa; and conditions and slave labor in the ghetto.  He relates the liquidation of the ghetto, during which he smuggled himself out on a cart of corpses, then joined the group of laborers charged with burying the bodies; his work as a clerk for a German captain; and how, with the assistance of this German, he was able to smuggle his wife and three-year-old daughter out of the ghetto.  Stressing the precocity and instinct for survival of small children, Mr. F. vividly and empathically tells the story of his daughter, who was eventually taken to a convent as a Polish orphan.  He recounts working in various labor camps; atrocities against Jewish prisoners and prisoners of war; his mistreatment by a German, against whom he later testified at the Frankfurt war crimes trials; and liberation by the Russians.  He describes the reunion with his daughter; sending her to London with a rabbi; and living in Munich with his wife and new son until 1949, when they and his daughter emigrated to the United States.  Mr. F. also discusses the differences between his daughter and his son due to her wartime experiences.</marc:subfield></marc:datafield><marc:datafield tag="555" ind1=" " ind2=" "><marc:subfield code="a">Unpublished finding aid available in repository; 1/2 in. VHS is linked to finding aid by time coding.</marc:subfield></marc:datafield><marc:datafield tag="562" ind1=" " ind2=" "><marc:subfield code="e">3 copies:</marc:subfield><marc:subfield code="b">3/4 in. master;</marc:subfield><marc:subfield code="b">3/4 in. dub;</marc:subfield><marc:subfield code="b">and 1/2 in. VHS with time coding.</marc:subfield></marc:datafield><marc:datafield tag="524" ind1=" " ind2=" "><marc:subfield code="a">Ludwig F. Holocaust Testimony (HVT-155).  Fortunoff Video Archive for Holocaust Testimonies, Yale University Library.</marc:subfield></marc:datafield><marc:datafield tag="600" ind1="1" ind2="0"><marc:subfield code="a">F., Ludwig,</marc:subfield><marc:subfield code="d">1908-</marc:subfield></marc:datafield><marc:datafield tag="650" ind1=" " ind2="0"><marc:subfield code="a">Holocaust survivors.</marc:subfield><marc:subfield code="0">http://id.loc.gov/authorities/subjects/sh85061527</marc:subfield></marc:datafield><marc:datafield tag="650" ind1=" " ind2="0"><marc:subfield code="a">Video tapes.</marc:subfield><marc:subfield code="0">http://id.loc.gov/authorities/subjects/sh85143214</marc:subfield></marc:datafield><marc:datafield tag="650" ind1=" " ind2="0"><marc:subfield code="a">Men.</marc:subfield><marc:subfield code="0">http://id.loc.gov/authorities/subjects/sh85083510</marc:subfield></marc:datafield><marc:datafield tag="650" ind1=" " ind2="0"><marc:subfield code="a">Holocaust, Jewish (1939-1945)</marc:subfield><marc:subfield code="v">Personal narratives.</marc:subfield><marc:subfield code="0">http://id.loc.gov/authorities/subjects/sh85061518</marc:subfield></marc:datafield><marc:datafield tag="650" ind1=" " ind2="0"><marc:subfield code="a">World War, 1939-1945</marc:subfield><marc:subfield code="v">Personal narratives, Jewish.</marc:subfield><marc:subfield code="0">http://id.loc.gov/authorities/subjects/sh85148465</marc:subfield></marc:datafield><marc:datafield tag="650" ind1=" " ind2="0"><marc:subfield code="a">Fathers and daughters.</marc:subfield><marc:subfield code="0">http://id.loc.gov/authorities/subjects/sh85047454</marc:subfield></marc:datafield><marc:datafield tag="650" ind1=" " ind2="0"><marc:subfield code="a">Husband and wife.</marc:subfield><marc:subfield code="0">http://id.loc.gov/authorities/subjects/sh85063204</marc:subfield></marc:datafield><marc:datafield tag="650" ind1=" " ind2="0"><marc:subfield code="a">World War, 1939-1945</marc:subfield><marc:subfield code="x">Children.</marc:subfield><marc:subfield code="0">http://id.loc.gov/authorities/subjects/sh85148359</marc:subfield></marc:datafield><marc:datafield tag="650" ind1=" " ind2="0"><marc:subfield code="a">Holocaust, Jewish (1939-1945)</marc:subfield><marc:subfield code="x">Psychological aspects.</marc:subfield><marc:subfield code="0">http://id.loc.gov/authorities/subjects/sh85061519</marc:subfield></marc:datafield><marc:datafield tag="650" ind1=" " ind2="0"><marc:subfield code="a">World War, 1939-1945</marc:subfield><marc:subfield code="x">Atrocities.</marc:subfield><marc:subfield code="0">http://id.loc.gov/authorities/subjects/sh85148285</marc:subfield></marc:datafield><marc:datafield tag="650" ind1=" " ind2="0"><marc:subfield code="a">Forced labor.</marc:subfield><marc:subfield code="0">http://id.loc.gov/authorities/subjects/sh85050453</marc:subfield></marc:datafield><marc:datafield tag="650" ind1=" " ind2="0"><marc:subfield code="a">Jewish ghettos.</marc:subfield><marc:subfield code="0">http://id.loc.gov/authorities/subjects/sh95007077</marc:subfield></marc:datafield><marc:datafield tag="650" ind1=" " ind2="0"><marc:subfield code="a">Jews</marc:subfield><marc:subfield code="z">Poland</marc:subfield><marc:subfield code="z">Częstochowa.</marc:subfield></marc:datafield><marc:datafield tag="650" ind1=" " ind2="0"><marc:subfield code="a">War crime trials</marc:subfield><marc:subfield code="z">Germany</marc:subfield><marc:subfield code="z">Frankfurt am Main.</marc:subfield></marc:datafield><marc:datafield tag="651" ind1=" " ind2="0"><marc:subfield code="a">Poland.</marc:subfield><marc:subfield code="0">http://id.loc.gov/authorities/names/n79131071</marc:subfield></marc:datafield><marc:datafield tag="651" ind1=" " ind2="0"><marc:subfield code="a">Częstochowa (Poland)</marc:subfield><marc:subfield code="0">http://id.loc.gov/authorities/names/n50065728</marc:subfield></marc:datafield><marc:datafield tag="651" ind1=" " ind2="0"><marc:subfield code="a">London (England)</marc:subfield><marc:subfield code="0">http://id.loc.gov/authorities/names/n79005665</marc:subfield></marc:datafield><marc:datafield tag="651" ind1=" " ind2="0"><marc:subfield code="a">Munich (Germany)</marc:subfield><marc:subfield code="0">http://id.loc.gov/authorities/names/n79059670</marc:subfield></marc:datafield><marc:datafield tag="655" ind1=" " ind2="7"><marc:subfield code="a">Oral histories.</marc:subfield><marc:subfield code="2">ftamc</marc:subfield></marc:datafield><marc:datafield tag="690" ind1=" " ind2="4"><marc:subfield code="a">Survivor-child relations.</marc:subfield></marc:datafield><marc:datafield tag="690" ind1=" " ind2="4"><marc:subfield code="a">Aid by non-Jews.</marc:subfield></marc:datafield><marc:datafield tag="691" ind1=" " ind2="4"><marc:subfield code="a">Częstochowa ghetto.</marc:subfield></marc:datafield><marc:datafield tag="700" ind1="1" ind2=" "><marc:subfield code="a">Vlock, Laurel,</marc:subfield><marc:subfield code="e">interviewer.</marc:subfield></marc:datafield><marc:datafield tag="852" ind1=" " ind2=" "><marc:subfield code="a">Fortunoff Video Archive for Holocaust Testimonies,</marc:subfield><marc:subfield code="b">Yale University Library,</marc:subfield><marc:subfield code="e">Box 1603A Yale Station, New Haven, CT 06520.</marc:subfield></marc:datafield></marc:record></marc:collection>